@article{Weller1998,
author = {Weller, H. G. and Tabor, G. and Jasak, H. and Fureby, C.},
journal = {Computers in Physics},
title = {{A tensorial approach to computational continuum mechanics using object-oriented techniques}},
year = {1998}
}
